@misc{phoronixubuntu,
    AUTHOR = {Ubuntu Wiki},
    TITLE = {Phoronix Test Suite HowTo},
    howpublished = {\textit{Disponible en \url{https://wiki.ubuntu.com/PhoronixTestSuite}}},
    note = {Consultado el 2/12/2015}
}

@misc{x264,
    AUTHOR = {VideoLAN Organization},
    TITLE = {x264, the best H.264/AVC encoder},
    howpublished = {\textit{Disponible en \url{https://www.videolan.org/developers/x264.html}}},
    note = {Consultado el 5/12/2015}
}

@misc{ab,
    AUTHOR = {Linux Man Pages},
    TITLE = {ab: Apache HTTP server benchmarking tool},
    howpublished = {\textit{Disponible en \url{http://linux.die.net/man/1/ab}}},
    note = {Consultado el 6/12/2015}
}

@misc{md5apache,
    AUTHOR = {Apache},
    TITLE = {How to verify the integrity of the downloaded file?},
    howpublished = {\textit{Disponible en \url{http://www.openoffice.org/download/checksums.html\#hash\_linux}}},
    note = {Consultado el 7/12/2015}
}

@misc{tar,
    AUTHOR = {Linux Man Pages},
    TITLE = {tar: manual page for tar 1.23},
    howpublished = {\textit{Disponible en \url{http://linux.die.net/man/1/tar}}},
    note = {Consultado el 7/12/2015}
}

@misc{apachetuto,
    AUTHOR = {Apache},
    TITLE = {User's Manual: Building a Web Test Plan},
    howpublished = {\textit{Disponible en \url{http://jmeter.apache.org/usermanual/build-web-test-plan.html}}},
    note = {Consultado el 7/12/2015}
}

@misc{intropeewee,
    AUTHOR = {Peewee},
    TITLE = {peewee 2.7.4 documentation},
    howpublished = {\textit{Disponible en \url{http://peewee.readthedocs.org/en/latest/index.html}}},
    note = {Consultado el 9/12/2015}
}

@misc{chinook,
    AUTHOR = {Luis Rocha},
    TITLE = {Chinook Database},
    howpublished = {\textit{Disponible en \url{http://chinookdatabase.codeplex.com/}}},
    note = {Consultado el 16/12/2015}
}

@misc{speedcom,
    AUTHOR = {SQLite},
    TITLE = {SQLite Database Speed Comparison},
    howpublished = {\textit{Disponible en \url{https://sqlite.org/speed.html}}},
    note = {Consultado el 18/12/2015}
}
