@misc{sysctlredhat,
    AUTHOR = {Red Hat},
    TITLE = {Using the sysctl Command},
    howpublished = {\textit{Disponible en \url{https://access.redhat.com/documentation/en-US/Red\_Hat\_Enterprise\_Linux/3/html/Reference\_Guide/s1-proc-sysctl.html}}},
    note = {Consultado el 31/12/2015}
}

@misc{sysctlman,
    AUTHOR = {Linux Man Pages},
    TITLE = {sysctl},
    howpublished = {\textit{Disponible en \url{http://linux.die.net/man/8/sysctl}}},
    note = {Consultado el 31/12/2015}
}

@misc{archsysctl,
    AUTHOR = {ArchWiki},
    TITLE = {sysctl},
    howpublished = {\textit{Disponible en \url{https://wiki.archlinux.org/index.php/Sysctl}}},
    note = {Consultado el 31/12/2015}
}

@misc{regedit,
    AUTHOR = {Microsoft},
    TITLE = {Open Registry Editor},
    howpublished = {\textit{Disponible en \url{https://technet.microsoft.com/en-us/library/cc758067\%28v=ws.10\%29.aspx}}},
    note = {Consultado el 03/01/2016}
}

@misc{regtypes,
    AUTHOR = {Microsoft},
    TITLE = {Registry Value Types},
    howpublished = {\textit{Disponible en \url{https://msdn.microsoft.com/en-us/library/windows/desktop/ms724884\%28v=vs.85\%29.aspx}}},
    note = {Consultado el 04/01/2016}
}

@misc{moodle,
    AUTHOR = {Moodle},
    TITLE = {Performance Recommendations},
    howpublished = {\textit{Disponible en \url{https://docs.moodle.org/30/en/Performance\_recommendations}}},
    note = {Consultado el 05/01/2016}
}

@misc{compiis,
    AUTHOR = {Microsoft},
    TITLE = {Optimizing IIS Performance},
    howpublished = {\textit{Disponible en \url{https://msdn.microsoft.com/en-us/library/ee377050\%28v=bts.10\%29.aspx}}},
    note = {Consultado el 07/01/2016}
}

@misc{blkid,
    AUTHOR = {Linux Man Pages},
    TITLE = {blkid},
    howpublished = {\textit{Disponible en \url{http://linux.die.net/man/8/blkid}}},
    note = {Consultado el 10/01/2016}
}

@misc{fdisk,
    AUTHOR = {Linux Man Pages},
    TITLE = {fdisk},
    howpublished = {\textit{Disponible en \url{http://linux.die.net/man/8/fdisk}}},
    note = {Consultado el 10/01/2016}
}

@misc{modprobe,
    AUTHOR = {Linux Man Pages},
    TITLE = {modprobe},
    howpublished = {\textit{Disponible en \url{http://linux.die.net/man/8/modprobe}}},
    note = {Consultado en 10/01/2016}
}

@misc{cryptsetup,
    AUTHOR = {Linux Man Pages},
    TITLE = {cryptsetup},
    howpublished = {\textit{Disponible en \url{http://linux.die.net/man/8/cryptsetup}}},
    note = {Consultado el 10/01/2016}
}

@misc{vgscan,
    AUTHOR = {Linux Man Pages},
    TITLE = {vgscan},
    howpublished = {\textit{Disponible en \url{http://linux.die.net/man/8/vgscan}}},
    note = {Consultado en 10/01/2016}
}

@misc{vgchange,
    AUTHOR = {Linux Man Pages},
    TITLE = {vgchange: change attribs of volume group},
    howpublished = {\textit{Disponible en \url{http://linux.die.net/man/8/vgscan}}},
    note = {Consultado el 10/01/2016}
}

@misc{lvresize,
    AUTHOR = {Linux Man Pages},
    TITLE = {lvresize: resize logical volume},
    howpublished = {\textit{Disponible en \url{http://linux.die.net/man/8/lvresize}}},
    note = {Consultado el 10/01/2015}
}