@misc{manyum,
    AUTHOR = {Linux Man Pages},
    TITLE = {yum: Yellowdog Updater Modified},
    howpublished = {\textit{Disponible en \url{http://linux.die.net/man/8/yum}}},
    note = {Consultado el 22/10/2015}
}

@misc{proxycentos,
    AUTHOR = {CentOS},
    TITLE = {Using yum with a proxy server},
    howpublished = {\textit{Disponible en \url{https://www.centos.org/docs/5/html/yum/sn-yum-proxy-server.html}}},
    note = {Consultado el 22/10/2015}
}

@misc{addrepo,
    AUTHOR = {Red Hat},
    TITLE = {Adding, Enabling, and Disabling a Yum Repository},
    howpublished = {\textit{Disponible en \url{https://access.redhat.com/documentation/en-US/Red_Hat_Enterprise_Linux/6/html/Deployment_Guide/sec-Managing_Yum_Repositories.html}}},
    note = {Consultado el 22/10/2015}
}

@misc{manapt,
    AUTHOR = {Linux Man Pages},
    TITLE = {apt: Advanced Package Tool},
    howpublished = {\textit{Disponible en \url{http://linux.die.net/man/8/apt}}},
    note = {Consultado el 28/10/2015}
}

@misc{manaptchache,
    AUTHOR = {Linux Man Pages},
    TITLE = {apt-cache},
    howpublished = {\textit{Disponible en \url{http://linux.die.net/man/8/apt-cache}}},
    note = {Consultado el 28/10/2015}
}

@misc{manaptget,
    AUTHOR = {Linux Man Pages},
    TITLE = {apt-get},
    howpublished = {\textit{Disponible en \url{http://linux.die.net/man/8/apt-get}}},
    note = {Consultado el 28/10/2015}
}

@misc{aptproxy,
    AUTHOR = {Debian Administration},
    TITLE = {Modifying APT: logging and proxy server usage},
    howpublished = {\textit{Disponible en \url{http://www.debian-administration.org/article/177/Modifying_APT_logging_and_proxy_server_usage}}},
    note = {Consultado el 28/10/2015}
}

@misc{manaptconf,
    AUTHOR = {Linux Man Pages},
    TITLE = {apt.conf: config file for APT},
    howpublished = {\textit{Disponible en \url{http://linux.die.net/man/5/apt.conf}}},
    note = {Consultado el 28/10/2015}
}

@misc{addrepoubu,
    AUTHOR = {Ubuntu Manpage},
    TITLE = {add-apt-repository - Adds a repository into the /etc/apt/sources.list},
    howpublished = {\textit{Disponible en \url{http://manpages.ubuntu.com/manpages/natty/man1/add-apt-repository.1.html}}},
    note = {Consultado el 28/10/2015}
}

@misc{wikisuse,
    AUTHOR = {openSUSE},
    TITLE = {Gesti√≥n de paquetes},
    howpublished = {\textit{Disponible en \url{https://es.opensuse.org/Gesti\%C3\%B3n_de_paquetes}}},
    note = {Consultado el 28/10/2015}
}

@misc{zypper,
    AUTHOR = {openSUSE},
    TITLE = {zypper},
    howpublished = {\textit{Disponible en \url{https://es.opensuse.org/Zypper}}},
    note = {Consultado el 28/10/2015}
}

@misc{openssh,
    AUTHOR = {OpenSSH},
    TITLE = {OpenSSH},
    howpublished = {\textit{Disponible en \url{http://www.openssh.com/}}},
    note = {Consultado el 28/10/2015}
}

@misc{manssh,
    AUTHOR = {Linux Man Pages},
    TITLE = {ssh: OpenSSH client},
    howpublished = {\textit{Disponible en \url{http://linux.die.net/man/1/ssh}}},
    note = {Consultado el 28/10/2015}
}

@misc{x11,
    AUTHOR = {The University Of North California at Chapel Hill},
    TITLE = {What is X11 forwading?},
    howpublished = {\textit{Disponible en \url{http://help.unc.edu/help/research-computing-what-is-x11-forwarding/}}},
    note = {Consultado el 28/10/2015}
}

@misc{gitssh,
    AUTHOR = {GitHub},
    TITLE = {Generating SSH Keys},
    howpublished = {\textit{Disponible en \url{https://help.github.com/articles/generating-ssh-keys/\#platform-linux}}},
    note = {Consultado el 29/10/2015}
}

@misc{ubussh,
    AUTHOR = {Ubuntu},
    TITLE = {SSH/OpenSSH/Keys},
    howpublished = {\textit{Disponible en \url{https://help.ubuntu.com/community/SSH/OpenSSH/Keys}}},
    note = {Consultado el 29/10/2015}
}

@misc{mansshd,
    AUTHOR = {Linux Man Pages},
    TITLE = {ssh\_config: OpenSSH daemon config file},
    howpublished = {\textit{http://linux.die.net/man/5/sshd\_config}},
    note = {Consultado el 29/10/2015}
}

@misc{ubuconf,
    AUTHOR = {Ubuntu},
    TITLE = {SSH/OpenSHH/Configuring},
    howpublished = {\textit{Disponible en \url{https://help.ubuntu.com/community/SSH/OpenSSH/Configuring}}},
    note = {Consultado el 29/10/2015}
}

@misc{redhatctl,
    AUTHOR = {Red Hat},
    TITLE = {System Administrators Guide},
    howpublished = {\textit{Disponible en \url{https://access.redhat.com/documentation/en-US/Red\_Hat\_Enterprise\_Linux/7-Beta/html-single/System\_Administrators\_Guide/index.html\#chap-Managing\_Services\_with\_systemd}}},
    note = {Consultado el 29/10/2015}
}

@misc{fail2banwiki,
    AUTHOR = {Fail2ban},
    TITLE = {Manual 0.8},
    howpublished = {\textit{Disponible en \url{http://www.fail2ban.org/wiki/index.php/MANUAL\_0\_8}}},
    note = {Consultado el 30/10/2015}
}

@misc{digocean,
    AUTHOR = {Digital Ocean},
    TITLE = {How to Install Linux, Apache, MySQL, PHP (LAMP) stack on Ubuntu 14.04},
    howpublished = {\textit{Disponible en \url{https://www.digitalocean.com/community/tutorials/how-to-install-linux-apache-mysql-php-lamp-stack-on-ubuntu-14-04}}},
    note = {Consultado el 30/10/2015}
}

@misc{digocean2,
    AUTHOR = {Digital Ocean},
    TITLE = {How To Install Linux, Apache, MySQL, PHP (LAMP) stack On CentOS 6},
    howpublished = {\textit{Disponible en \url{https://www.digitalocean.com/community/tutorials/how-to-install-linux-apache-mysql-php-lamp-stack-on-centos-6}}},
    note = {Consultado el 30/10/2015}
}

@misc{screen,
    AUTHOR = {Joe `Zonker' Brockmeier},
    TITLE = {Taking Command of the Terminal with GNU Screen},
    howpublished = {\textit{Disponible en \url{https://www.linux.com/learn/tutorials/285795-taking-command-of-the-terminal-with-gnu-screen-}}},
    note = {Consultado el 31/10/2015}
}

@misc{mariadb,
    AUTHOR = {MariaDB},
    TITLE = {mysql\_secure\_installation},
    howpublished = {\textit{Disponible en \url{https://mariadb.com/kb/en/mariadb/mysql_secure_installation/}}},
    note = {Consultado el 4/11/2015}
}

@misc{ibmserver,
    AUTHOR = {IBM},
    TITLE = {IBM HTTP Server},
    howpublished = {\textit{Disponible en \url{http://www-03.ibm.com/software/products/en/http-servers}}},
    note = {Consultado el 4/11/2015}
}

@misc{jettyserver,
    AUTHOR = {Eclipse},
    TITLE = {Jetty - Servlet Engine and HTTP Server},
    howpublished = {\textit{Disponible en \url{http://www.eclipse.org/jetty/}}},
    note = {Consultado el 4/11/2015}
}

@misc{wakandaserver,
    AUTHOR = {Wakanda},
    TITLE = {Wakanda Features List},
    howpublished = {\textit{Disponible en \url{http://www.wakanda.org/features?qt-wakanda_features=1\#qt-wakanda\_features}}},
    note = {Consultado el 4/11/2015}
}

@misc{patchfed,
    AUTHOR = {Fedora},
    TITLE = {VMWare},
    howpublished = {\textit{Disponible en \url{http://fedoraproject.org/wiki/VMWare}}},
    note = {Consultado el 5/11/2015}
}

@misc{webmin,
    AUTHOR = {Webmin},
    TITLE = {Installing the RPM},
    howpublished = {\textit{Disponible en \url{http://www.webmin.com/rpm.html}}},
    note = {Consultado el 6/11/2015}
}

@misc{phpini,
    AUTHOR = {PHP My Admin},
    TITLE = {I cannot upload big dump files (memory, HTTP or timeout problems).},
    howpublished = {\textit{Disponible en \url{http://docs.phpmyadmin.net/en/latest/faq.html\#faq1-16}}},
    note = {Consultado el 6/11/2015}
}

@misc{mansed,
    AUTHOR = {Linux Man Pages},
    TITLE = {sed},
    howpublished = {\textit{Disponible en \url{http://linux.die.net/man/1/sed}}},
    note = {Consultado el 6/10/2015}
}

@misc{docreplace,
    AUTHOR = {Ansible},
    TITLE = {replace: Replace all instances of a particular string in a file using back-referenced regular expression},
    howpublished = {\textit{Disponible en \url{http://docs.ansible.com/ansible/replace_module.html}}},
    note = {Consultado el 8/11/2015}
}

@misc{handler,
    AUTHOR = {Servers for Hackers},
    TITLE = {An Ansible Tutorial},
    howpublished = {\textit{Disponible en \url{https://serversforhackers.com/an-ansible-tutorial/}}},
    note = {Consultado el 8/11/2015}
}

@misc{playbook,
    AUTHOR = {Ansible},
    TITLE = {Intro to Playbooks},
    howpublished = {\textit{Disponible en \url{http://docs.ansible.com/ansible/playbooks\_intro.html}}},
    note = {Consultado el 8/11/2015}
}

@misc{manawk,
    AUTHOR = {Linux Man Pages},
    TITLE = {awk: pattern scanning/processing},
    howpublished = {\textit{Disponible en \url{http://linux.die.net/man/1/awk}}},
    note = {Consultado el 8/11/2015}
}

@misc{installmongo,
    AUTHOR = {MongoDB},
    TITLE = {Install MongoDB on Red Hat Enterprise or CentOS Linux},
    howpublished = {\textit{Disponible en \url{https://docs.mongodb.org/manual/tutorial/install-mongodb-on-red-hat/}}},
    note = {Consultado el 8/11/2015}
}

@misc{examplepatch,
    AUTHOR = {Anthony James},
    TITLE = {Introduction: Using diff and patch},
    howpublished = {\textit{Disponible en \url{https://linuxacademy.com/blog/linux/introduction-using-diff-and-patch/}}},
    note = {Consultado el 11/11/2015}
}

@misc{testdb,
    AUTHOR = {Giuseppe Maxia},
    TITLE = {test\_db},
    howpublished = {\textit{Disponible en \url{https://github.com/datacharmer/test_db/}}},
    note = {Consultado el 18/11/2015}
}