@misc{logrotation,
    AUTHOR = {Ubuntu Documentation},
    TITLE = {LinuxLogFiles},
    howpublished = {\textit{Disponible en \url{https://help.ubuntu.com/community/LinuxLogFiles\#Log_Rotation}}},
    note = {Consultado el 12/11/2015}
}

@misc{mdadm,
    AUTHOR = {Linux Man Pages},
    TITLE = {mdadm: Manage MD devices aka Software RAID},
    howpublished = {\textit{Disponible en \url{http://linux.die.net/man/8/mdadm}}},
    note = {Consultado el 12/11/2015}
}

@misc{crontab,
    AUTHOR = {Linux Man Pages},
    TITLE = {crontab},
    howpublished = {\textit{Disponible en \url{http://linux.die.net/man/1/crontab}}},
    note = {Consultado el 12/11/2015}
}

@misc{cron,
    AUTHOR = {Linux Man Pages},
    TITLE = {cron: daemon to execute scheduled commands},
    howpublished = {\textit{Disponible en \url{http://linux.die.net/man/8/cron}}},
    note = {Consultado el 13/11/2015}
}

@misc{hddtemp,
    AUTHOR = {ArchWiki},
    TITLE = {Hddtemp},
    howpublished = {\textit{Disponible en \url{https://wiki.archlinux.org/index.php/Hddtemp}}},
    note = {Consultado el 19/11/2015}
}

@misc{archsensors,
    AUTHOR = {ArchWiki},
    TITLE = {lm\_sensors},
    howpublished = {\textit{Disponible en \url{https://wiki.archlinux.org/index.php/Lm_sensors}}},
    note = {Consultado el 23/11/2015}
}

@misc{linuxhw,
    AUTHOR = {Carla Schroder},
    TITLE = {Discovering and Monitoring Hardware on Linux},
    howpublished = {\textit{Disponible en \url{http://www.linux.com/learn/tutorials/620416:discovering-and-monitoring-hardware-in-linux-}}},
    note = {Consultado el 23/11/2015}
}

@misc{installnagios,
    AUTHOR = {Nagios},
    TITLE = {Nagios XI â€“ Manual Installation Instructions},
    howpublished = {\textit{Disponible en \url{https://assets.nagios.com/downloads/nagiosxi/docs/XI\_Manual\_Installation\_Instructions.pdf}}},
    note = {Consultado el 25/11/2015}
}

@misc{strace,
    AUTHOR = {Lee Latham},
    TITLE = {Sysadmin Tips and Tricks: Using strace to Monitor System Calls},
    howpublished = {\textit{Disponible en \url{http://blog.softlayer.com/2013/sysadmin-tips-and-tricks-using-strace-to-monitor-system-calls}}},
    note = {Consultado el 27/11/2015}
}

@misc{polibio,
    AUTHOR = {Wikipedia},
    TITLE = {Cuadrado de Polibio},
    howpublished = {\textit{Disponible en \url{https://es.wikipedia.org/wiki/Cuadrado_de_Polibio}}},
    note = {Consultado el 29/11/2015}
}

@misc{pyprofile,
    AUTHOR = {Python},
    TITLE = {The Python Profilers},
    howpublished = {\textit{Disponible en \url{https://docs.python.org/2/library/profile.html}}},
    note = {Consultado el 29/11/2015}
}

@misc{profilingsql,
    AUTHOR = {MySQL},
    TITLE = {SHOW PROFILE Syntax},
    howpublished = {\textit{Disponible en \url{http://dev.mysql.com/doc/refman/5.0/en/show-profile.html}}},
    note = {Consultado el 29/11/2015}
}

@misc{testdb,
    AUTHOR = {Giuseppe Maxia},
    TITLE = {test\_db},
    howpublished = {\textit{Disponible en \url{https://github.com/datacharmer/test_db/}}},
    note = {Consultado el 30/11/2015}
}

@misc{selectdb,
    AUTHOR = {MySQL},
    TITLE = {Creating and Selecting a Database},
    howpublished = {\textit{Disponible en \url{https://dev.mysql.com/doc/refman/5.7/en/creating-database.html}}},
    note = {Consultado el 30/11/2015}
}

@misc{showdb,
    AUTHOR = {MySQL},
    TITLE = {SHOW DATABASES Syntax},
    howpublished = {\textit{Disponible en \url{https://dev.mysql.com/doc/refman/5.7/en/show-databases.html}}},
    note = {Consultado el 30/11/2015}
}

@misc{logmysql,
    AUTHOR = {MySQL},
    TITLE = {Connecting to the MySQL server},
    howpublished = {\textit{Disponible en \url{https://dev.mysql.com/doc/refman/5.7/en/connecting.html}}},
    note = {Consultado el 30/11/2015}
}