@misc{manyum,
    AUTHOR = {Linux Man Pages},
    TITLE = {yum: Yellowdog Updater Modified},
    howpublished = {\textit{Disponible en \url{http://linux.die.net/man/8/yum}}},
    note = {Consultado el 22/10/2015}
}

@misc{proxycentos,
    AUTHOR = {CentOS},
    TITLE = {Using yum with a proxy server},
    howpublished = {\textit{Disponible en \url{https://www.centos.org/docs/5/html/yum/sn-yum-proxy-server.html}}},
    note = {Consultado el 22/10/2015}
}

@misc{addrepo,
    AUTHOR = {Red Hat},
    TITLE = {Adding, Enabling, and Disabling a Yum Repository},
    howpublished = {\textit{Disponible en \url{https://access.redhat.com/documentation/en-US/Red_Hat_Enterprise_Linux/6/html/Deployment_Guide/sec-Managing_Yum_Repositories.html}}},
    note = {Consultado el 22/10/2015}
}

@misc{manapt,
    AUTHOR = {Linux Man Pages},
    TITLE = {apt: Advanced Package Tool},
    howpublished = {\textit{Disponible en \url{http://linux.die.net/man/8/apt}}},
    note = {Consultado el 28/10/2015}
}

@misc{manaptchache,
    AUTHOR = {Linux Man Pages},
    TITLE = {apt-cache},
    howpublished = {\textit{Disponible en \url{http://linux.die.net/man/8/apt-cache}}},
    note = {Consultado el 28/10/2015}
}

@misc{manaptget,
    AUTHOR = {Linux Man Pages},
    TITLE = {apt-get},
    howpublished = {\textit{Disponible en \url{http://linux.die.net/man/8/apt-get}}},
    note = {Consultado el 28/10/2015}
}

@misc{aptproxy,
    AUTHOR = {Debian Administration},
    TITLE = {Modifying APT: logging and proxy server usage},
    howpublished = {\textit{Disponible en \url{http://www.debian-administration.org/article/177/Modifying_APT_logging_and_proxy_server_usage}}},
    note = {Consultado el 28/10/2015}
}

@misc{manaptconf,
    AUTHOR = {Linux Man Pages},
    TITLE = {apt.conf: config file for APT},
    howpublished = {\textit{Disponible en \url{http://linux.die.net/man/5/apt.conf}}},
    note = {Consultado el 28/10/2015}
}

@misc{addrepoubu,
    AUTHOR = {Ubuntu Manpage},
    TITLE = {add-apt-repository - Adds a repository into the /etc/apt/sources.list},
    howpublished = {\textit{Disponible en \url{http://manpages.ubuntu.com/manpages/natty/man1/add-apt-repository.1.html}}},
    note = {Consultado el 28/10/2015}
}

@misc{wikisuse,
    AUTHOR = {openSUSE},
    TITLE = {Gesti√≥n de paquetes},
    howpublished = {\textit{Disponible en \url{https://es.opensuse.org/Gesti\%C3\%B3n_de_paquetes}}},
    note = {Consultado el 28/10/2015}
}

@misc{zypper,
    AUTHOR = {openSUSE},
    TITLE = {zypper},
    howpublished = {\textit{Disponible en \url{https://es.opensuse.org/Zypper}}},
    note = {Consultado el 28/10/2015}
}

@misc{openssh,
    AUTHOR = {OpenSSH},
    TITLE = {OpenSSH},
    howpublished = {\textit{Disponible en \url{http://www.openssh.com/}}},
    note = {Consultado el 28/10/2015}
}

@misc{manssh,
    AUTHOR = {Linux Man Pages},
    TITLE = {ssh: OpenSSH client},
    howpublished = {\textit{Disponible en \url{http://linux.die.net/man/1/ssh}}},
    note = {Consultado el 28/10/2015}
}

@misc{x11,
    AUTHOR = {The University Of North California at Chapel Hill},
    TITLE = {What is X11 forwading?},
    howpublished = {\textit{Disponible en \url{http://help.unc.edu/help/research-computing-what-is-x11-forwarding/}}},
    note = {Consultado el 28/10/2015}
}

@misc{gitssh,
    AUTHOR = {GitHub},
    TITLE = {Generating SSH Keys},
    howpublished = {\textit{Disponible en \url{https://help.github.com/articles/generating-ssh-keys/\#platform-linux}}},
    note = {Consultado el 29/10/2015}
}

@misc{ubussh,
    AUTHOR = {Ubuntu},
    TITLE = {SSH/OpenSSH/Keys},
    howpublished = {\textit{Disponible en \url{https://help.ubuntu.com/community/SSH/OpenSSH/Keys}}},
    note = {Consultado el 29/10/2015}
}

@misc{mansshd,
    AUTHOR = {Linux Man Pages},
    TITLE = {ssh\_config: OpenSSH daemon config file},
    howpublished = {\textit{http://linux.die.net/man/5/sshd\_config}},
    note = {Consultado el 29/10/2015}
}

@misc{ubuconf,
    AUTHOR = {Ubuntu},
    TITLE = {SSH/OpenSHH/Configuring},
    howpublished = {\textit{Disponible en \url{https://help.ubuntu.com/community/SSH/OpenSSH/Configuring}}},
    note = {Consultado el 29/10/2015}
}

@misc{redhatctl,
    AUTHOR = {Red Hat},
    TITLE = {System Administrators Guide},
    howpublished = {\textit{Disponible en \url{https://access.redhat.com/documentation/en-US/Red\_Hat\_Enterprise\_Linux/7-Beta/html-single/System\_Administrators\_Guide/index.html\#chap-Managing\_Services\_with\_systemd}}},
    note = {Consultado el 29/10/2015}
}

@misc{fail2banwiki,
    AUTHOR = {Fail2ban},
    TITLE = {Manual 0.8},
    howpublished = {\textit{Disponible en \url{http://www.fail2ban.org/wiki/index.php/MANUAL\_0\_8}}},
    note = {Consultado el 30/10/2015}
}

@misc{digocean,
    AUTHOR = {Digital Ocean},
    TITLE = {How to Install Linux, Apache, MySQL, PHP (LAMP) stack on Ubuntu 14.04},
    howpublished = {\textit{Disponible en \url{https://www.digitalocean.com/community/tutorials/how-to-install-linux-apache-mysql-php-lamp-stack-on-ubuntu-14-04}}},
    note = {Consultado el 30/10/2015}
}

@misc{digocean2,
    AUTHOR = {Digital Ocean},
    TITLE = {How To Install Linux, Apache, MySQL, PHP (LAMP) stack On CentOS 6},
    howpublished = {\textit{Disponible en \url{https://www.digitalocean.com/community/tutorials/how-to-install-linux-apache-mysql-php-lamp-stack-on-centos-6}}},
    note = {Consultado el 30/10/2015}
}

@misc{screen,
    AUTHOR = {Joe `Zonker' Brockmeier},
    TITLE = {Taking Command of the Terminal with GNU Screen},
    howpublished = {\textit{Disponible en \url{https://www.linux.com/learn/tutorials/285795-taking-command-of-the-terminal-with-gnu-screen-}}},
    note = {Consultado el 31/10/2015}
}

@misc{mariadb,
    AUTHOR = {MariaDB},
    TITLE = {mysql\_secure\_installation},
    howpublished = {\textit{Disponible en \url{https://mariadb.com/kb/en/mariadb/mysql_secure_installation/}}},
    note = {Consultado el 4/11/2015}
}

@misc{ibmserver,
    AUTHOR = {IBM},
    TITLE = {IBM HTTP Server},
    howpublished = {\textit{Disponible en \url{http://www-03.ibm.com/software/products/en/http-servers}}},
    note = {Consultado el 4/11/2015}
}

@misc{jettyserver,
    AUTHOR = {Eclipse},
    TITLE = {Jetty - Servlet Engine and HTTP Server},
    howpublished = {\textit{Disponible en \url{http://www.eclipse.org/jetty/}}},
    note = {Consultado el 4/11/2015}
}

@misc{wakandaserver,
    AUTHOR = {Wakanda},
    TITLE = {Wakanda Features List},
    howpublished = {\textit{Disponible en \url{http://www.wakanda.org/features?qt-wakanda_features=1\#qt-wakanda\_features}}},
    note = {Consultado el 4/11/2015}
}

@misc{patchfed,
    AUTHOR = {Fedora},
    TITLE = {VMWare},
    howpublished = {\textit{Disponible en \url{http://fedoraproject.org/wiki/VMWare}}},
    note = {Consultado el 5/11/2015}
}

@misc{webmin,
    AUTHOR = {Webmin},
    TITLE = {Installing the RPM},
    howpublished = {\textit{Disponible en \url{http://www.webmin.com/rpm.html}}},
    note = {Consultado el 6/11/2015}
}

@misc{phpini,
    AUTHOR = {PHP My Admin},
    TITLE = {I cannot upload big dump files (memory, HTTP or timeout problems).},
    howpublished = {\textit{Disponible en \url{http://docs.phpmyadmin.net/en/latest/faq.html\#faq1-16}}},
    note = {Consultado el 6/11/2015}
}

@misc{mansed,
    AUTHOR = {Linux Man Pages},
    TITLE = {sed},
    howpublished = {\textit{Disponible en \url{http://linux.die.net/man/1/sed}}},
    note = {Consultado el 6/10/2015}
}

@misc{docreplace,
    AUTHOR = {Ansible},
    TITLE = {replace: Replace all instances of a particular string in a file using back-referenced regular expression},
    howpublished = {\textit{Disponible en \url{http://docs.ansible.com/ansible/replace_module.html}}},
    note = {Consultado el 8/11/2015}
}

@misc{handler,
    AUTHOR = {Servers for Hackers},
    TITLE = {An Ansible Tutorial},
    howpublished = {\textit{Disponible en \url{https://serversforhackers.com/an-ansible-tutorial/}}},
    note = {Consultado el 8/11/2015}
}

@misc{playbook,
    AUTHOR = {Ansible},
    TITLE = {Intro to Playbooks},
    howpublished = {\textit{Disponible en \url{http://docs.ansible.com/ansible/playbooks\_intro.html}}},
    note = {Consultado el 8/11/2015}
}

@misc{manawk,
    AUTHOR = {Linux Man Pages},
    TITLE = {awk: pattern scanning/processing},
    howpublished = {\textit{Disponible en \url{http://linux.die.net/man/1/awk}}},
    note = {Consultado el 8/11/2015}
}

@misc{installmongo,
    AUTHOR = {MongoDB},
    TITLE = {Install MongoDB on Red Hat Enterprise or CentOS Linux},
    howpublished = {\textit{Disponible en \url{https://docs.mongodb.org/manual/tutorial/install-mongodb-on-red-hat/}}},
    note = {Consultado el 8/11/2015}
}

@misc{examplepatch,
    AUTHOR = {Anthony James},
    TITLE = {Introduction: Using diff and patch},
    howpublished = {\textit{Disponible en \url{https://linuxacademy.com/blog/linux/introduction-using-diff-and-patch/}}},
    note = {Consultado el 11/11/2015}
}

@misc{testdb,
    AUTHOR = {Giuseppe Maxia},
    TITLE = {test\_db},
    howpublished = {\textit{Disponible en \url{https://github.com/datacharmer/test_db/}}},
    note = {Consultado el 18/11/2015}
}

@misc{vmware,
    AUTHOR = {VMware},
    TITLE = {Understanding Full Virtualization, Paravirtualization, and Hardware Assist},
    howpublished = {\textit{Disponible en \url{http://www.vmware.com/files/pdf/VMware_paravirtualization.pdf}}},
    note = {Consultado el 02/10/2015},
    LANGUAGE = {English},
}

@misc{amazon,
    AUTHOR = {Amazon Web Services},
    TITLE = {Linux AMI Virtualization Types},
    howpublished = {\textit{Disponible en \url{http://docs.aws.amazon.com/es_es/AWSEC2/latest/UserGuide/virtualization_types.html}}},
    LANGUAGE = {English},
    note = {Consultado el 04/10/2015}
}

@misc{hevps,
    AUTHOR = {Host Europe},
    TITLE = {Servidores Virtuales Privados},
    howpublished = {\textit{Disponible en \url{https://www.hosteurope.es/servidores-virtuales}}},
    LANGUAGE = {Spanish},
    note = {Consultado el 05/10/2015}
}

@misc{hese,
    AUTHOR = {Host Europe},
    TITLE = {Servidores Dedicados},
    howpublished = {\textit{Disponible en \url{https://www.hosteurope.es/servidores-dedicados}}},
    LANGUAGE = {Spanish},
    note = {Consultado el 05/10/2015}
}

@misc{hvps,
    AUTHOR = {Hostalia},
    TITLE = {Servidores Virtuales VPS},
    howpublished = {\textit{Disponible en \url{http://www.hostalia.com/vps/}}},
    LANGUAGE = {Spanish},
    note = {Consultado el 06/10/2015}
}

@misc{hse,
    AUTHOR = {Hostalia},
    TITLE = {Servidores Dedicados, m√°xima independencia, privacidad y seguridad},
    howpublished = {\textit{Disponible en \url{http://www.hostalia.com/dedicados/}}},
    LANGUAGE = {Spanish},
    note = {Consultado el 06/10/2015}
}

@misc{windowsvpc,
    AUTHOR = {Microsoft},
    TITLE = {Download Windows Virtual PC from Official Microsoft Download Center},
    howpublished = {\textit{Disponible en \url{http://www.microsoft.com/en-us/download/details.aspx?id=3702}}},
    LANGUAGE = {English},
    note = {Consultado el 07/10/2015}
}

@misc{openvz,
    AUTHOR = {OpenVZ},
    TITLE = {OpenVZ Virtuozzo Containers Wiki},
    howpublished = {\textit{Disponible en \url{http://openvz.org/Main_Page}}},
    LANGUAGE = {English},
    note = {Consultado el 07/10/2015}
}

@misc{comws2012,
    AUTHOR = {Microsoft},
    TITLE = {Comparar Windows Server 2012R2},
    howpublished = {\textit{Disponible en \url{http://www.microsoft.com/es-es/server-cloud/products/windows-server-2012-r2/Comparison.aspx}}},
    LANGUAGE = {Spanish},
    note = {Consultado el 07/10/2015}
}

@misc{cad,
    AUTHOR = {Microsoft},
    TITLE = {Control de acceso din√°mico: Informaci√≥n general sobre el escenario},
    howpublished = {\textit{Disponible en \url{https://technet.microsoft.com/es-es/library/hh831717.aspx}}},
    LANGUAGE = {English},
    note = {Consultado el 07/10/2015}
}

@misc{sercan,
    AUTHOR = {Canonical},
    TITLE = {Services for enterprise},
    howpublished = {\textit{Disponible en \url{http://www.canonical.com/services}}},
    LANGUAGE = {English},
    note = {Consultado el 07/10/2015}
}

@misc{ua,
    AUTHOR = {Canonical},
    TITLE = {Ubuntu Advantage},
    howpublished = {\textit{Disponible en \url{http://www.ubuntu.com/management/ubuntu-advantage}}},
    LANGUAGE = {English},
    note = {Consultado el 07/10/2015}
}

@misc {centos,
    AUTHOR = {CentOS},
    TITLE = {CentOS Project joins forces with Red Hat},
    howpublished = {\textit{Disponible en \url{https://lists.centos.org/pipermail/centos-announce/2014-January/020100.html}}},
    LANGUAGE = {English},
    note = {Consultado el 08/10/2015}
}

@misc{linuxser,
    AUTHOR = {W3Techs},
    TITLE = {OS/Linux Distributions using Apache},
    howpublished = {\textit{Disponible en \url{http://w3techs.com/technologies/details/os-linux/all/all}}},
    LANGUAGE = {English},
    note = {Consultado el 08/10/2015}
}

@misc{unixser,
    AUTHOR = {W3Techs},
    TITLE = {Usage Statistics and Market Share of Unix for Websites},
    howpublished = {\textit{Disponible en \url{http://w3techs.com/technologies/details/os-unix/all/all}}},
    LANGUAGE = {English},
    note = {Consultado el 08/10/2015}
}

@misc{osser,
    AUTHOR = {W3Techs},
    TITLE = {Usage Statistics and Market Share of Operating Systems for Websites},
    howpublished = {\textit{Disponible en \url{http://w3techs.com/technologies/overview/operating_system/all}}},
    LANGUAGE = {English},
    note = {Consultado el 08/10/2015}
}

@misc{intelraid,
    AUTHOR = {Intel},
    TITLE = {Comparing Intel Hardware and Software RAID solutions},
    howpublished = {\textit{Disponible en \url{http://www.intelraid.com/files/Intel_Comparing_Software_RAID_to_Hardware_RAID_Enabled_V4.pdf}}},
    LANGUAGE = {English},
    note = {Consultado el 08/10/2015}
}

@misc{lvmubuntu,
    AUTHOR = {Ubuntu wiki},
    TITLE = {LVM},
    howpublished = {\textit{Disponible en \url{https://wiki.ubuntu.com/Lvm}}},
    LANGUAGE = {English},
    note = {Consultado el 08/10/2015}
}

@misc{linuxvar,
    AUTHOR = {Linux Information Project},
    TITLE = {The /var directory},
    howpublished = {\textit{Disponible en \url{http://www.linfo.org/var.html}}},
    LANGUAGE = {English},
    note = {Consultado el 08/10/2015}
}

@misc{ext4,
    AUTHOR = {The Linux Kernel Archives},
    TITLE = {Ext4 Filesystem},
    howpublished = {\textit{Disponible en \url{https://www.kernel.org/doc/Documentation/filesystems/ext4.txt}}},
    LANGUAGE = {English},
    note = {Consultado el 12/10/2015}
}

@misc{arranqueforo,
    AUTHOR = {bakegoodz},
    TITLE = {RE: RAID1 won't boot from second drive},
    howpublished = {\textit{Disponible en \url{http://ubuntuforums.org/showthread.php?t=2043514}}},
    LANGUAGE = {English},
    note = {Consultado el 14/10/2015}
}

@misc{ws2012,
    AUTHOR = {Microsoft},
    TITLE = {Windows Server 2012: Licensing \& Pricing FAQ},
    howpublished = {\textit{Disponible en \url{download.microsoft.com/download/4/D/B/4DB352D1-C610-466A-9AAF-EEF4F4CFFF27/WS2012_Licensing-Pricing_FAQ.pdf}}},
    LANGUAGE = {English},
    note = {Consultado el 15/10/2015}
}

@misc{mdadm,
    AUTHOR = {Linux Man Pages},
    TITLE = {mdadm: manage MD devices aka Software RAID},
    howpublished = {\textit{Disponible en \url{http://linux.die.net/man/8/mdadm}}},
    LANGUAGE = {English},
    note = {Consultado el 15/10/2015}
}

@misc{tiposconexion,
    AUTHOR = {VMWare},
    TITLE = {Selecting the Network Connection Type for a Virtual Machine},
    howpublished = {\textit{Disponible en \url{https://pubs.vmware.com/workstation-9/topic/com.vmware.ws.using.doc/GUID-3B504F2F-7A0B-415F-AE01-62363A95D052.html}}},
    LANGUAGE = {English},
    note = {Consultado el 16/10/2015}
}

@misc{keysemacs,
    AUTHOR = {David Edwards},
    TITLE = {Emacs Keybindings in Bash Or, How to Be a Command-Line Commando},
    howpublished = {\textit{Disponible en \url{http://www.pythian.com/blog/emacs-keybindings-in-bash/}}},
    LANGUAGE = {English},
    note = {Consultado el 17/10/2015}
}

@misc{fedora,
    AUTHOR = {Fedora},
    TITLE = {Overview},
    howpublished = {\textit{Disponible en \url{https://fedoraproject.org/wiki/Overview}}},
    note = {Consultado el 26/10/2015}
}

@misc{enswap,
    AUTHOR = {Neil Rickert},
    TITLE = {Encrypted swap},
    howpublished = {\textit{Disponible en \url{https://nwrickert2.wordpress.com/2012/04/21/encypted-swap/}}},
    note = {Consultado el 26/10/2015}
}

@misc{enboot,
    AUTHOR = {Arch Linux},
    TITLE = {Disk Encryption},
    howpublished = {\textit{Disponible en \url{https://wiki.archlinux.org/index.php/Disk_encryption}}},
    note = {Consultado el 26/10/2015}
}

@misc{mangrub,
    AUTHOR = {Linux Man Pages},
    TITLE = {grub-install: Install GRUB on your drive},
    howpublished = {\textit{Disponible en \url{http://linux.die.net/man/8/grub-install}}},
    note = {Consultado el 26/10/2015}
}

@misc{mandd,
    AUTHOR = {Linux Man Pages},
    TITLE = {dd: Convert/copy file},
    howpublished = {\textit{Disponible en \url{http://linux.die.net/man/1/dd}}},
    note = {Consultado el 26/10/2015}
}

@misc{logrotation,
    AUTHOR = {Ubuntu Documentation},
    TITLE = {LinuxLogFiles},
    howpublished = {\textit{Disponible en \url{https://help.ubuntu.com/community/LinuxLogFiles\#Log_Rotation}}},
    note = {Consultado el 12/11/2015}
}

@misc{crontab,
    AUTHOR = {Linux Man Pages},
    TITLE = {crontab},
    howpublished = {\textit{Disponible en \url{http://linux.die.net/man/1/crontab}}},
    note = {Consultado el 12/11/2015}
}

@misc{cron,
    AUTHOR = {Linux Man Pages},
    TITLE = {cron: daemon to execute scheduled commands},
    howpublished = {\textit{Disponible en \url{http://linux.die.net/man/8/cron}}},
    note = {Consultado el 13/11/2015}
}

@misc{hddtemp,
    AUTHOR = {ArchWiki},
    TITLE = {Hddtemp},
    howpublished = {\textit{Disponible en \url{https://wiki.archlinux.org/index.php/Hddtemp}}},
    note = {Consultado el 19/11/2015}
}

@misc{archsensors,
    AUTHOR = {ArchWiki},
    TITLE = {lm\_sensors},
    howpublished = {\textit{Disponible en \url{https://wiki.archlinux.org/index.php/Lm_sensors}}},
    note = {Consultado el 23/11/2015}
}

@misc{linuxhw,
    AUTHOR = {Carla Schroder},
    TITLE = {Discovering and Monitoring Hardware on Linux},
    howpublished = {\textit{Disponible en \url{http://www.linux.com/learn/tutorials/620416:discovering-and-monitoring-hardware-in-linux-}}},
    note = {Consultado el 23/11/2015}
}

@misc{installnagios,
    AUTHOR = {Nagios},
    TITLE = {Nagios XI ‚Äì Manual Installation Instructions},
    howpublished = {\textit{Disponible en \url{https://assets.nagios.com/downloads/nagiosxi/docs/XI\_Manual\_Installation\_Instructions.pdf}}},
    note = {Consultado el 25/11/2015}
}

@misc{strace,
    AUTHOR = {Lee Latham},
    TITLE = {Sysadmin Tips and Tricks: Using strace to Monitor System Calls},
    howpublished = {\textit{Disponible en \url{http://blog.softlayer.com/2013/sysadmin-tips-and-tricks-using-strace-to-monitor-system-calls}}},
    note = {Consultado el 27/11/2015}
}

@misc{polibio,
    AUTHOR = {Wikipedia},
    TITLE = {Cuadrado de Polibio},
    howpublished = {\textit{Disponible en \url{https://es.wikipedia.org/wiki/Cuadrado_de_Polibio}}},
    note = {Consultado el 29/11/2015}
}

@misc{pyprofile,
    AUTHOR = {Python},
    TITLE = {The Python Profilers},
    howpublished = {\textit{Disponible en \url{https://docs.python.org/2/library/profile.html}}},
    note = {Consultado el 29/11/2015}
}

@misc{profilingsql,
    AUTHOR = {MySQL},
    TITLE = {SHOW PROFILE Syntax},
    howpublished = {\textit{Disponible en \url{http://dev.mysql.com/doc/refman/5.0/en/show-profile.html}}},
    note = {Consultado el 29/11/2015}
}

@misc{testdb,
    AUTHOR = {Giuseppe Maxia},
    TITLE = {test\_db},
    howpublished = {\textit{Disponible en \url{https://github.com/datacharmer/test_db/}}},
    note = {Consultado el 30/11/2015}
}

@misc{selectdb,
    AUTHOR = {MySQL},
    TITLE = {Creating and Selecting a Database},
    howpublished = {\textit{Disponible en \url{https://dev.mysql.com/doc/refman/5.7/en/creating-database.html}}},
    note = {Consultado el 30/11/2015}
}

@misc{showdb,
    AUTHOR = {MySQL},
    TITLE = {SHOW DATABASES Syntax},
    howpublished = {\textit{Disponible en \url{https://dev.mysql.com/doc/refman/5.7/en/show-databases.html}}},
    note = {Consultado el 30/11/2015}
}

@misc{logmysql,
    AUTHOR = {MySQL},
    TITLE = {Connecting to the MySQL server},
    howpublished = {\textit{Disponible en \url{https://dev.mysql.com/doc/refman/5.7/en/connecting.html}}},
    note = {Consultado el 30/11/2015}
}

@misc{phoronixubuntu,
    AUTHOR = {Ubuntu Wiki},
    TITLE = {Phoronix Test Suite HowTo},
    howpublished = {\textit{Disponible en \url{https://wiki.ubuntu.com/PhoronixTestSuite}}},
    note = {Consultado el 2/12/2015}
}

@misc{x264,
    AUTHOR = {VideoLAN Organization},
    TITLE = {x264, the best H.264/AVC encoder},
    howpublished = {\textit{Disponible en \url{https://www.videolan.org/developers/x264.html}}},
    note = {Consultado el 5/12/2015}
}

@misc{ab,
    AUTHOR = {Linux Man Pages},
    TITLE = {ab: Apache HTTP server benchmarking tool},
    howpublished = {\textit{Disponible en \url{http://linux.die.net/man/1/ab}}},
    note = {Consultado el 6/12/2015}
}

@misc{md5apache,
    AUTHOR = {Apache},
    TITLE = {How to verify the integrity of the downloaded file?},
    howpublished = {\textit{Disponible en \url{http://www.openoffice.org/download/checksums.html\#hash\_linux}}},
    note = {Consultado el 7/12/2015}
}

@misc{tar,
    AUTHOR = {Linux Man Pages},
    TITLE = {tar: manual page for tar 1.23},
    howpublished = {\textit{Disponible en \url{http://linux.die.net/man/1/tar}}},
    note = {Consultado el 7/12/2015}
}

@misc{apachetuto,
    AUTHOR = {Apache},
    TITLE = {User's Manual: Building a Web Test Plan},
    howpublished = {\textit{Disponible en \url{http://jmeter.apache.org/usermanual/build-web-test-plan.html}}},
    note = {Consultado el 7/12/2015}
}

@misc{intropeewee,
    AUTHOR = {Peewee},
    TITLE = {peewee 2.7.4 documentation},
    howpublished = {\textit{Disponible en \url{http://peewee.readthedocs.org/en/latest/index.html}}},
    note = {Consultado el 9/12/2015}
}

@misc{chinook,
    AUTHOR = {Luis Rocha},
    TITLE = {Chinook Database},
    howpublished = {\textit{Disponible en \url{http://chinookdatabase.codeplex.com/}}},
    note = {Consultado el 16/12/2015}
}

@misc{speedcom,
    AUTHOR = {SQLite},
    TITLE = {SQLite Database Speed Comparison},
    howpublished = {\textit{Disponible en \url{https://sqlite.org/speed.html}}},
    note = {Consultado el 18/12/2015}
}
