@misc{vmware,
    AUTHOR = {VMware},
    TITLE = {Understanding Full Virtualization, Paravirtualization, and Hardware Assist},
    howpublished = {\textit{Disponible en \url{http://www.vmware.com/files/pdf/VMware_paravirtualization.pdf}}},
    note = {Consultado el 02/10/2015},
    LANGUAGE = {English},
}

@misc{amazon,
    AUTHOR = {Amazon Web Services},
    TITLE = {Linux AMI Virtualization Types},
    howpublished = {\textit{Disponible en \url{http://docs.aws.amazon.com/es_es/AWSEC2/latest/UserGuide/virtualization_types.html}}},
    LANGUAGE = {English},
    note = {Consultado el 04/10/2015}
}

@misc{hevps,
    AUTHOR = {Host Europe},
    TITLE = {Servidores Virtuales Privados},
    howpublished = {\textit{Disponible en \url{https://www.hosteurope.es/servidores-virtuales}}},
    LANGUAGE = {Spanish},
    note = {Consultado el 05/10/2015}
}

@misc{hese,
    AUTHOR = {Host Europe},
    TITLE = {Servidores Dedicados},
    howpublished = {\textit{Disponible en \url{https://www.hosteurope.es/servidores-dedicados}}},
    LANGUAGE = {Spanish},
    note = {Consultado el 05/10/2015}
}

@misc{hvps,
    AUTHOR = {Hostalia},
    TITLE = {Servidores Virtuales VPS},
    howpublished = {\textit{Disponible en \url{http://www.hostalia.com/vps/}}},
    LANGUAGE = {Spanish},
    note = {Consultado el 06/10/2015}
}

@misc{hse,
    AUTHOR = {Hostalia},
    TITLE = {Servidores Dedicados, máxima independencia, privacidad y seguridad},
    howpublished = {\textit{Disponible en \url{http://www.hostalia.com/dedicados/}}},
    LANGUAGE = {Spanish},
    note = {Consultado el 06/10/2015}
}

@misc{windowsvpc,
    AUTHOR = {Microsoft},
    TITLE = {Download Windows Virtual PC from Official Microsoft Download Center},
    howpublished = {\textit{Disponible en \url{http://www.microsoft.com/en-us/download/details.aspx?id=3702}}},
    LANGUAGE = {English},
    note = {Consultado el 07/10/2015}
}

@misc{openvz,
    AUTHOR = {OpenVZ},
    TITLE = {OpenVZ Virtuozzo Containers Wiki},
    howpublished = {\textit{Disponible en \url{http://openvz.org/Main_Page}}},
    LANGUAGE = {English},
    note = {Consultado el 07/10/2015}
}

@misc{comws2012,
    AUTHOR = {Microsoft},
    TITLE = {Comparar Windows Server 2012R2},
    howpublished = {\textit{Disponible en \url{http://www.microsoft.com/es-es/server-cloud/products/windows-server-2012-r2/Comparison.aspx}}},
    LANGUAGE = {Spanish},
    note = {Consultado el 07/10/2015}
}

@misc{cad,
    AUTHOR = {Microsoft},
    TITLE = {Control de acceso dinámico: Información general sobre el escenario},
    howpublished = {\textit{Disponible en \url{https://technet.microsoft.com/es-es/library/hh831717.aspx}}},
    LANGUAGE = {English},
    note = {Consultado el 07/10/2015}
}

@misc{sercan,
    AUTHOR = {Canonical},
    TITLE = {Services for enterprise},
    howpublished = {\textit{Disponible en \url{http://www.canonical.com/services}}},
    LANGUAGE = {English},
    note = {Consultado el 07/10/2015}
}

@misc{ua,
    AUTHOR = {Canonical},
    TITLE = {Ubuntu Advantage},
    howpublished = {\textit{Disponible en \url{http://www.ubuntu.com/management/ubuntu-advantage}}},
    LANGUAGE = {English},
    note = {Consultado el 07/10/2015}
}

@misc {centos,
    AUTHOR = {CentOS},
    TITLE = {CentOS Project joins forces with Red Hat},
    howpublished = {\textit{Disponible en \url{https://lists.centos.org/pipermail/centos-announce/2014-January/020100.html}}},
    LANGUAGE = {English},
    note = {Consultado el 08/10/2015}
}

@misc{linuxser,
    AUTHOR = {W3Techs},
    TITLE = {OS/Linux Distributions using Apache},
    howpublished = {\textit{Disponible en \url{http://w3techs.com/technologies/details/os-linux/all/all}}},
    LANGUAGE = {English},
    note = {Consultado el 08/10/2015}
}

@misc{unixser,
    AUTHOR = {W3Techs},
    TITLE = {Usage Statistics and Market Share of Unix for Websites},
    howpublished = {\textit{Disponible en \url{http://w3techs.com/technologies/details/os-unix/all/all}}},
    LANGUAGE = {English},
    note = {Consultado el 08/10/2015}
}

@misc{osser,
    AUTHOR = {W3Techs},
    TITLE = {Usage Statistics and Market Share of Operating Systems for Websites},
    howpublished = {\textit{Disponible en \url{http://w3techs.com/technologies/overview/operating_system/all}}},
    LANGUAGE = {English},
    note = {Consultado el 08/10/2015}
}

@misc{intelraid,
    AUTHOR = {Intel},
    TITLE = {Comparing Intel Hardware and Software RAID solutions},
    howpublished = {\textit{Disponible en \url{http://www.intelraid.com/files/Intel_Comparing_Software_RAID_to_Hardware_RAID_Enabled_V4.pdf}}},
    LANGUAGE = {English},
    note = {Consultado el 08/10/2015}
}

@misc{lvmubuntu,
    AUTHOR = {Ubuntu wiki},
    TITLE = {LVM},
    howpublished = {\textit{Disponible en \url{https://wiki.ubuntu.com/Lvm}}},
    LANGUAGE = {English},
    note = {Consultado el 08/10/2015}
}

@misc{linuxvar,
    AUTHOR = {Linux Information Project},
    TITLE = {The /var directory},
    howpublished = {\textit{Disponible en \url{http://www.linfo.org/var.html}}},
    LANGUAGE = {English},
    note = {Consultado el 08/10/2015}
}

@misc{ext4,
    AUTHOR = {The Linux Kernel Archives},
    TITLE = {Ext4 Filesystem},
    howpublished = {\textit{Disponible en \url{https://www.kernel.org/doc/Documentation/filesystems/ext4.txt}}},
    LANGUAGE = {English},
    note = {Consultado el 12/10/2015}
}

@misc{arranqueforo,
    AUTHOR = {bakegoodz},
    TITLE = {RE: RAID1 won't boot from second drive},
    howpublished = {\textit{Disponible en \url{http://ubuntuforums.org/showthread.php?t=2043514}}},
    LANGUAGE = {English},
    note = {Consultado el 14/10/2015}
}

@misc{ws2012,
    AUTHOR = {Microsoft},
    TITLE = {Windows Server 2012: Licensing \& Pricing FAQ},
    howpublished = {\textit{Disponible en \url{download.microsoft.com/download/4/D/B/4DB352D1-C610-466A-9AAF-EEF4F4CFFF27/WS2012_Licensing-Pricing_FAQ.pdf}}},
    LANGUAGE = {English},
    note = {Consultado el 15/10/2015}
}

@misc{mdadm,
    AUTHOR = {Linux Man Pages},
    TITLE = {mdadm: manage MD devices aka Software RAID},
    howpublished = {\textit{Disponible en \url{http://linux.die.net/man/8/mdadm}}},
    LANGUAGE = {English},
    note = {Consultado el 15/10/2015}
}

@misc{tiposconexion,
    AUTHOR = {VMWare},
    TITLE = {Selecting the Network Connection Type for a Virtual Machine},
    howpublished = {\textit{Disponible en \url{https://pubs.vmware.com/workstation-9/topic/com.vmware.ws.using.doc/GUID-3B504F2F-7A0B-415F-AE01-62363A95D052.html}}},
    LANGUAGE = {English},
    note = {Consultado el 16/10/2015}
}

@misc{keysemacs,
    AUTHOR = {David Edwards},
    TITLE = {Emacs Keybindings in Bash Or, How to Be a Command-Line Commando},
    howpublished = {\textit{Disponible en \url{http://www.pythian.com/blog/emacs-keybindings-in-bash/}}},
    LANGUAGE = {English},
    note = {Consultado el 17/10/2015}
}

@misc{fedora,
    AUTHOR = {Fedora},
    TITLE = {Overview},
    howpublished = {\textit{Disponible en \url{https://fedoraproject.org/wiki/Overview}}},
    note = {Consultado el 26/10/2015}
}

@misc{enswap,
    AUTHOR = {Neil Rickert},
    TITLE = {Encrypted swap},
    howpublished = {\textit{Disponible en \url{https://nwrickert2.wordpress.com/2012/04/21/encypted-swap/}}},
    note = {Consultado el 26/10/2015}
}

@misc{enboot,
    AUTHOR = {Arch Linux},
    TITLE = {Disk Encryption},
    howpublished = {\textit{Disponible en \url{https://wiki.archlinux.org/index.php/Disk_encryption}}},
    note = {Consultado el 26/10/2015}
}

@misc{mangrub,
    AUTHOR = {Linux Man Pages},
    TITLE = {grub-install: Install GRUB on your drive},
    howpublished = {\textit{Disponible en \url{http://linux.die.net/man/8/grub-install}}},
    note = {Consultado el 26/10/2015}
}

@misc{mandd,
    AUTHOR = {Linux Man Pages},
    TITLE = {dd: Convert/copy file},
    howpublished = {\textit{Disponible en \url{http://linux.die.net/man/1/dd}}},
    note = {Consultado el 26/10/2015}
}